@article{bastille2016,
  title={Flexible characterization of animal movement pattern using net squared displacement and a latent state model},
  author={Bastille-Rousseau, Guillaume and Potts, Jonathan R and Yackulic, Charles B and Frair, Jacqueline L and Ellington, E Hance and Blake, Stephen},
  journal={Movement ecology},
  volume={4},
  number={1},
  pages={1--12},
  year={2016},
  publisher={BioMed Central}
}

@article{blake2013,
  title={Vegetation dynamics drive segregation by body size in Galapagos tortoises migrating across altitudinal gradients},
  author={Blake, Stephen and Yackulic, Charles B and Cabrera, Fredy and Tapia, Washington and Gibbs, James P and K{\"u}mmeth, Franz and Wikelski, Martin},
  journal={Journal of Animal Ecology},
  volume={82},
  number={2},
  pages={310--321},
  year={2013},
  publisher={Wiley Online Library}
}

@article{netdis1,
  title={The effects of homing and movement behaviors on translocation: Desert tortoises in the western Mojave Desert},
  author={Hinderle, Danna and Lewison, Rebecca L and Walde, Andrew D and Deutschman, Doug and Boarman, William I},
  journal={The Journal of Wildlife Management},
  volume={79},
  number={1},
  pages={137--147},
  year={2015},
  publisher={Wiley Online Library}
}

@article{netdis2,
  title={Net displacement and temporal scaling: Model fitting, interpretation and implementation},
  author={Street, Garrett M and Avgar, Tal and B{\"o}rger, Luca},
  journal={Methods in Ecology and Evolution},
  volume={9},
  number={6},
  pages={1503--1517},
  year={2018},
  publisher={Wiley Online Library}
}

